@ARTICLE{MSAli2008,
	title={Compiled Code Compression for Embedded Systems using Evolutionary Computing},
	author={M S Ali},
	booktitle={Fifth International Conference on Infromation Technology: New Generations},
	pages={1173--1174},
	year={2008},
}

@ARTICLE{OO2009,
	title={Using Data Compression for Increasing Memory System Utilization},
	author={Ozcan Ozturk, Mahmut Kandemir, Mary Jan Irwin},
	booktitle={IEEE Transactions on Computer-Aided Design of Intergrated Circuits and Systems, Vol.28, No.6, JUNE 2009},
	pages={901--914},
	year={2009},
}

@ARTICLE{KSKO2017,
	title={A Translation Method of ARM Machine Code to LLVM-IR for Binary Code Parallelization and Optimization},
	author={Kohta Shigenobu, Kanemitsu Ootsu, Takeshi Ohkawa, Takashi Yokota},
	booktitle={2017 Fifth International Symposium on Computing and Networking},
	pages={575--579},
	year={2017},
}

@ARTICLE{MTK2011,
	title={Static Analysis of Designing A Compiler Tool That Generates Machine Codes for The Predicted Execution Path: A Bypass Compiler},
	author={Manjunath T.K, Sharmila Chidaravalli},
	booktitle={2011 IEEE 3rd International Conference on Communication Software and Networks},
	pages={418--422},
	year={2011}
}

@BOOK{CompilerDesign,
	title = {Compiler: Principles, Techniques, and Tools},
	author={A. Aho, R. Sethi, J.D. Ullman},
	year={1986},
	publisher={Addison-Wesley}
}