@misc{firefox,
  title={{Mozilla} Building with Profile-Guided Optimization},
  howpublished={\url{https://developer.mozilla.org/en-US/docs/Mozilla/Developer_guide/Build_Instructions/Building_with_Profile-Guided_Optimization}},
  note={Accessed: 2019-03-15},
}

@misc{IBM,
  title={{IBM Knowledge Center} Profile-directed Feedback},
  howpublished={\url{https://www.ibm.com/support/knowledgecenter/SSGH4D_13.1.0/com.ibm.xlf131.aix.doc/proguide/optimizepdf.html}},
  note={Accessed: 2019-03-15},
}

@misc{Chrome,
  title={{Chromium} Making Chrome on Windows Faster with PGO},
  howpublished={\url{https://blog.chromium.org/2016/10/making-chrome-on-windows-faster-with-pgo.html}},
  note={Accessed: 2019-03-15},
}

@article{MSAli2008,
  title={Compiled Code Compression for Embedded Systems using Evolutionary Computing}.
  author={M S Ali},
  booktitle={Fifth International Conference on Infromation Technology: New Generations},
  pages={1173--1174},
  year={2008},
}

@article{OO2009,
  title={Using Data Compression for Increasing Memory System Utilization},
  author={Ozcan Ozturk, Mahmut Kandemir, Mary Jan Irwin},
  booktitle={IEEE Transactions on Computer-Aided Design of Intergrated Circuits and Systems, Vol.28, No.6, JUNE 2009},
  pages={901--914},
  year={2009},
}

@article{KSKO2017,
  title={A Translation Method of ARM Machine Code to LLVM-IR for Binary Code Parallelization and Optimization},
  author={Kohta Shigenobu, Kanemitsu Ootsu, Takeshi Ohkawa, Takashi Yokota},
  booktitle={2017 Fifth International Symposium on Computing and Networking},
  pages={575--579},
  year={2017},
}

@article{MTK2011,
  title={Static Analysis of Designing A Compiler Tool That Generates Machine Codes for The Predicted Execution Path: A Bypass Compiler},
  author={Manjunath T.K, Sharmila Chidaravalli},
  booktitle={2011 IEEE 3rd International Conference on Communication Software and Networks},
  pages={418--422},
  year={2011}
}

@BOOK{CompilerDesign,
  title = {Compiler: Principles, Techniques, and Tools},
  author={A. Aho, R. Sethi, J.D. Ullman},
  year={1986},
  publisher={Addison-Wesley}
}

@inproceedings{farnia2016minimax,
  keywords={max_entropy},
  title={A Minimax Approach to Supervised Learning},
  author={Farnia, Farzan and Tse, David},
  booktitle={Advances in Neural Information Processing Systems},
  pages={4240--4248},
  year={2016},
  url={http://papers.nips.cc/paper/6247-a-minimax-approach-to-supervised-learning.pdf}
}

@BOOK{bishop06,
  title = {Pattern Recognition and Machine Learning},
  publisher = {Springer},
  year = {2006},
  author = {Christopher M. Bishop}
}

@BOOK{macwilliams07,
  title = {The Theory of Error-Correcting Codes},
  publisher = {North-Holland},
  year = {2007},
  author = {F. J. MacWilliams and N.J.A. Sloane}
}

@BOOK{mackay03,
  title = {Information Theory, Inference, and Learning Algorithms},
  publisher = {Cambridge University Press},
  year = {2003},
  author = {David J.C. MacKay}
}

@BOOK{gamma11,
  title = {Network Information Theory},
  publisher = {Cambridge University Press},
  year = {2011},
  author = {Abbas El Gammal and Young-Han Kim}
}

@Book{richardson08,
  author =	 {Tom Richardson and Ruediger Urbanke},
  title = 	 {Modern Coding Theory},
  publisher = 	 {Cambridge University Press},
  year = 	 {2008}
}


@Book{yeung08,
  author =	 {Raymond W. Yeung},
  title = 	 {Information Theory and Network Coding},
  publisher = 	 {Springer},
  year = 	 {2008}
}

@BOOK{cover06,
  title = {Elements of Information Theory},
  publisher = {John Wiley \& Sons, Inc},
  year = {2006},
  edition = {2nd},
  author = {Thomas M. Cover and Joy A. Thomas}
}


@BOOK{csiszar11,
  title = {Information Theory: Coding Theorems for Discrete Memoryless Sysems},
  publisher = {Cambridge University Press},
  year = 2011,
  edition = {2nd},
  author = {Imre Csisz\'ar and J\'anos K\"orner}
}

@BOOK{cover91,
  title = {Elements of Information Theory},
  publisher = {John Wiley \& Sons, Inc},
  year = {1991},
  author = {Thomas M. Cover and Joy A. Thomas}
}

@BOOK{csiszar81,
  title = {Information Theory: Coding Theorems for Discrete Memoryless Sysems},
  publisher = {Academic Press},
  year = {1981},
  author = {Imre Csisz\'ar and J\'anos K\"onrer}
}

@BOOK{gallager68,
  title = {Information Theory and Reliable Communication},
  publisher = {John Wiley and Sons, Inc},
  year = 1968,
  author = {Robert G. Gallager}
}


@article{shannon1948,
  keywords={classic},
  title={A mathematical theory of communication},
  author={Shannon, Claude E},
  journal={Bell Systems Technical Journal},
  year={1948},
  url={http://dl.acm.org/citation.cfm?id=584093}
}


@article{berger1996maximum,
  keywords={max_entropy},
  title={A maximum entropy approach to natural language processing},
  author={Berger, Adam L and Pietra, Vincent J Della and Pietra, Stephen A Della},
  journal={Computational linguistics},
  volume={22},
  number={1},
  pages={39--71},
  year={1996},
  publisher={MIT Press},
  url={http://www.cs.columbia.edu/~jebara/6772/papers/maxent.pdf}
}

@article{grunwald2004game,
  keywords={max_entropy},
  title={Game theory, maximum entropy, minimum discrepancy and robust Bayesian decision theory},
  author={Gr{\"u}nwald, Peter D and Dawid, A Philip and others},
  journal={the Annals of Statistics},
  volume={32},
  number={4},
  pages={1367--1433},
  year={2004},
  publisher={Institute of Mathematical Statistics},
  url={http://projecteuclid.org/download/pdfview_1/euclid.aos/1091626173}
}

@article{lee2017minimax,
  keywords={max_entropy},
  title={Minimax Statistical Learning and Domain Adaptation with Wasserstein Distances},
  author={Lee, Jaeho and Raginsky, Maxim},
  journal={arXiv preprint arXiv:1705.07815},
  year={2017}
}

@article{topsoe1979information,
  keywords={max_entropy},
  title={Information-theoretical optimization techniques},
  author={Tops{\o}e, Flemming},
  journal={Kybernetika},
  volume={15},
  number={1},
  pages={8--27},
  year={1979},
  publisher={Institute of Information Theory and Automation AS CR},
  url={http://dml.cz/bitstream/handle/10338.dmlcz/124320/Kybernetika_15-1979-1_2.pdf}
}

@article{farias2010universal,
  keywords={reinforcement},
  title={Universal reinforcement learning},
  author={Farias, Vivek F and Moallemi, Ciamac C and Van Roy, Benjamin and Weissman, Tsachy},
  journal={IEEE Transactions on Information Theory},
  volume={56},
  number={5},
  pages={2441--2454},
  year={2010},
  publisher={IEEE},
  doi={10.1109/TIT.2010.2043762}
}

@article{still2012information,
  keywords={reinforcement},
  title={An information-theoretic approach to curiosity-driven reinforcement learning},
  author={Still, Susanne and Precup, Doina},
  journal={Theory in Biosciences},
  volume={131},
  number={3},
  pages={139--148},
  year={2012},
  publisher={Springer},
  url={https://pdfs.semanticscholar.org/66b3/5f2a58d9cf2804828185c33857a7d46e6424.pdf}
}

@inproceedings{ziebart2008maximum,
  keywords={reinforcement},
  title={Maximum Entropy Inverse Reinforcement Learning.},
  author={Ziebart, Brian D and Maas, Andrew L and Bagnell, J Andrew and Dey, Anind K},
  booktitle={AAAI},
  volume=8,
  pages={1433--1438},
  year=2008,
  organization={Chicago, IL, USA},
  url={http://www.aaai.org/Papers/AAAI/2008/AAAI08-227.pdf}
}

@article{ver2017sifting,
  keywords={common_information},
  title={Sifting common information from many variables},
  author={Ver Steeg, Greg and Gao, Shuyang and Reing, Kyle and Galstyan, Aram},
  journal={stat},
  volume={1050},
  pages={23},
  year={2017},
  url={https://pdfs.semanticscholar.org/a78e/2a102592773c09684774104e2513db4837bf.pdf}
}

@inproceedings{steeg2016sieve,
 keywords={common_information},
 author = {Steeg, Greg Ver and Galstyan, Aram},
 title = {The Information Sieve},
 booktitle = {Proceedings of the 33rd International Conference on International Conference on Machine Learning - Volume 48},
 series = {ICML'16},
 year = {2016},
 location = {New York, NY, USA},
 pages = {164--172},
 numpages = {9},
 url = {http://dl.acm.org/citation.cfm?id=3045390.3045409},
 acmid = {3045409},
 publisher = {JMLR.org},
}

@inproceedings{david2016supervised,
  keywords={compression},
  title={Supervised learning through the lens of compression},
  author={David, Ofir and Moran, Shay and Yehudayoff, Amir},
  booktitle={Advances in Neural Information Processing Systems},
  pages={2784--2792},
  year={2016},
  url={http://papers.nips.cc/paper/6490-supervised-learning-through-the-lens-of-compression.pdf}
}
@article{tishby2000information,
	keywords={bottleneck},
	title={The information bottleneck method},
	author={Tishby, Naftali and Pereira, Fernando C and Bialek, William},
	journal={arXiv preprint physics/0004057},
	year={2000},
	url={https://arxiv.org/pdf/physics/0004057.pdf}
}

@article{jaynes1957information,
	keywords={max_entropy},
	title={Information theory and statistical mechanics},
	author={Jaynes, Edwin T},
	journal={Physical review},
	volume={106},
	number={4},
	pages={620},
	year={1957},
	publisher={APS},
	url={https://journals.aps.org/pr/abstract/10.1103/PhysRev.106.620}
}
@article{alemi2017deep,
	keywords={bottleneck},
	title={Deep Variational Information Bottleneck},
	author={Alemi, Alex and Fischer, Ian and Dillon, Josh and Murphy, Kevin},
	year={2017},
	url={https://arxiv.org/abs/1612.00410}
}
@article{tishby2016deep,
	keywords={bottleneck},
	title={Deep Learning, Group representations, and the Information-Bottleneck phase transitions.},
	author={Tishby, Naftali},
	journal={Bulletin of the American Physical Society},
	volume={61},
	year={2016},
	publisher={APS},
	url={http://meetings.aps.org/Meeting/MAR16/Event/268083}
}
@article{kannan2016shannon,
	keywords={dna},
	title={Shannon: An Information-Optimal de Novo RNA-Seq Assembler},
	author={Kannan, Sreeram and Hui, Joseph and Mazooji, Kayvon and Pachter, Lior and Tse, David},
	journal={bioRxiv},
	pages={039230},
	year={2016},
	publisher={Cold Spring Harbor Labs Journals},
	url={http://biorxiv.org/content/early/2016/02/09/039230.abstract}
}
@article{bresler2013optimal,
		keywords={dna},
	title={Optimal assembly for high throughput shotgun sequencing},
	author={Bresler, Guy and Bresler, Ma'ayan and Tse, David},
	journal={BMC bioinformatics},
	volume={14},
	number={5},
	pages={S18},
	year={2013},
	publisher={BioMed Central},
	url={https://bmcbioinformatics.biomedcentral.com/articles/10.1186/1471-2105-14-S5-S18}
}
@article{motahari2013information,
		keywords={dna},
	title={Information theory of DNA shotgun sequencing},
	author={Motahari, Abolfazl S and Bresler, Guy and David, NC},
	journal={IEEE Transactions on Information Theory},
	volume={59},
	number={10},
	pages={6273--6289},
	year={2013},
	publisher={IEEE},
	url={http://ieeexplore.ieee.org/abstract/document/6544699/}
}
@article{kamath2017hinge,
	keywords={dna},
	title={HINGE: long-read assembly achieves optimal repeat resolution},
	author={Kamath, Govinda M and Shomorony, Ilan and Xia, Fei and Courtade, Thomas A and David, N Tse},
	journal={Genome research},
	volume={27},
	number={5},
	pages={747--756},
	year={2017},
	publisher={Cold Spring Harbor Lab},
	url={http://genome.cshlp.org/content/27/5/747.short}
}

@inproceedings{shomorony2016partial,
		keywords={dna},
	title={Partial DNA assembly: a rate-distortion perspective},
	author={Shomorony, Ilan and Kamath, Govinda M and Xia, Fei and Courtade, Thomas A and David, N Tse},
	booktitle={Information Theory (ISIT), 2016 IEEE International Symposium on},
	pages={1799--1803},
	year={2016},
	organization={IEEE},
	url={http://ieeexplore.ieee.org/abstract/document/7541609/}
}
@article{heckel2017fundamental,
		keywords={dna},
	title={Fundamental Limits of DNA Storage Systems},
	author={Heckel, Reinhard and Shomorony, Ilan and Ramchandran, Kannan and Tse, David NC},
	journal={arXiv preprint arXiv:1705.04732},
	year={2017},
	url={https://arxiv.org/abs/1705.04732}
}

@inproceedings{chen2016community,
	keywords={misc},
	title={Community recovery in graphs with locality},
	author={Chen, Yuxin and Kamath, Govinda and Suh, Changho and Tse, David},
	booktitle={International Conference on Machine Learning},
	pages={689--698},
	year={2016},
	url={http://www.jmlr.org/proceedings/papers/v48/chena16.pdf}
}
@article{feizi2017maximally,
	keywords={PCA},
	title={Maximally Correlated Principle Component Analysis},
	author={Feizi, Soheil and Tse, David},
	journal={arXiv preprint arXiv:1702.05471},
	year={2017},
	url={https://arxiv.org/abs/1702.05471}
}

@article{kocaoglu2017entropic,
	keywords={misc},
	title={Entropic Causality and Greedy Minimum Entropy Coupling},
	author={Kocaoglu, Murat and Dimakis, Alexandros G and Vishwanath, Sriram and Hassibi, Babak},
	journal={arXiv preprint arXiv:1701.08254},
	year={2017},
	url={https://arxiv.org/abs/1701.08254}
}

@article{yi2017vowel,
	keywords={misc},
	title={Vowel decoding from single-trial speech-evoked electrophysiological responses: A feature-based machine learning approach},
	author={Yi, Han G and Xie, Zilong and Reetzke, Rachel and Dimakis, Alexandros G and Chandrasekaran, Bharath},
	journal={Brain and Behavior},
	year={2017},
	publisher={Wiley Online Library},
	url={http://onlinelibrary.wiley.com/doi/10.1002/brb3.665/full}
}
@article{tandon2017gradient,
	keywords={misc},
	title={Gradient Coding: Avoiding Stragglers in Synchronous Gradient Descent},
	author={Tandon, Rashish and Lei, Qi and Dimakis, Alexandros G and Karampatziakis, Nikos},
	journal={stat},
	volume={1050},
	pages={8},
	year={2017},
	url={https://pdfs.semanticscholar.org/e8f7/8397882ff4e7080520bbae506e46c6d82185.pdf}
}

@article{lin2006conditional,
	keywords={misc},
	title={Conditional infomax learning: an integrated framework for feature extraction and fusion},
	author={Lin, Dahua and Tang, Xiaoou},
	journal={Computer Vision--ECCV 2006},
	pages={68--82},
	year={2006},
	publisher={Springer},
	url={http://www.springerlink.com/index/P930QTXN367V4660.pdf}
}
@article{feizi2017understanding,
	keywords={GAN},
	title={Understanding {GAN}s: the {LQG} Setting},
	author={Feizi, Soheil and Suh, Changho and Xia, Fei and Tse, David},
	journal={arXiv preprint arXiv:1710.10793},
	year={2017},
	url={https://arxiv.org/abs/1710.10793}
}

@inproceedings{chan2016omniscience,
	keywords={common_information},
	title={When is omniscience a rate-optimal strategy for achieving secret key capacity?},
	author={Chan, Chung and Mukherjee, Manuj and Kashyap, Navin and Zhou, Qiaoqiao},
	booktitle={Information Theory Workshop (ITW), 2016 IEEE},
	pages={354--358},
	year={2016},
	organization={IEEE},
	url={http://ieeexplore.ieee.org/abstract/document/7606855/}
}

@article{chan2017secret,
    keywords={common_information},
	title={Secret key agreement under discussion rate constraints},
	author={Chan, Chung and Mukherjee, Manuj and Kashyap, Navin and Zhou, Qiaoqiao},
	journal={arXiv preprint arXiv:1701.05008},
	year={2017},
	url={https://arxiv.org/abs/1701.05008}
}

@article{bresler2016learning,
	keywords={ising_model},
	title={Learning a Tree-Structured Ising Model in Order to Make Predictions},
	author={Bresler, Guy and Karzand, Mina},
	journal={arXiv preprint arXiv:1604.06749},
	year={2016},
	url={https://arxiv.org/abs/1604.06749}
}

@article{ver2016information,
	keywords={misc},	
	title={The information sieve. to appear in ICML},
	author={Ver Steeg, G and Galstyan, A},
	journal={arXiv preprint arXiv:1507.02284},
	year={2016},
	url={https://arxiv.org/abs/1507.02284}
}

@article{Chan2015Multivariate,
  keywords={common_information},
  title={Multivariate Mutual Information Inspired by Secret-Key Agreement},
  author={Chan, Chung and Al-Bashabsheh, A and Ebrahimi, J. B and Kaced, T},
  journal={Proceedings of the IEEE},
  volume={103},
  number={10},
  pages={1883-1913},
  year={2015},
}

@article{Chan2017Change,
  keywords={common_information},
  title={Change of Multivariate Mutual Information: from Local to Global},
  author={Chan, Chung and Al-Bashabsheh, Ali and Zhou, Qiaoqiao},
  journal={IEEE Transactions on Information Theory},
  volume={PP},
  number={99},
  pages={1-1},
  year={2017},
}

@article{Chan2016Info,
  keywords={clustering},
  title={Info-Clustering: A Mathematical Theory for Data Clustering},
  author={Chan, Chung and Al-Bashabsheh, Ali and Zhou, Qiaoqiao and Kaced, Tarik and Liu, Tie},
  journal={IEEE Transactions on Molecular, Biological and Multi-Scale Communications},
  volume={2},
  number={1},
  pages={64-91},
  year={2016},
}


@article{Chan2016Duality,
  keywords={clustering},
  title={Duality between Feature Selection and Data Clustering},
  author={Chan, Chung and Albashabsheh, Ali and Zhou, Qiaoqiao and Liu, Tie},
  year={2016},
}

@article{Chan2017Info,
  keywords={clustering},
  title={Info-Clustering: An Efficient Algorithm by Network Information Flow},
  author={Chan, Chung and Albashabsheh, Ali and Zhou, Qiaoqiao},
  year={2017},
}
